<record><leader>00000cas a22000007a 4500</leader><controlfield tag="001">38114346</controlfield><controlfield tag="008">971219d19771981meuzn ne      0    0eng d</controlfield><datafield ind1=" " ind2=" " tag="010"><subfield code="a">sn 97069027 </subfield></datafield><datafield ind1=" " ind2=" " tag="040"><subfield code="a">MBN</subfield><subfield code="b">eng</subfield><subfield code="c">MBN</subfield><subfield code="d">OCLCQ</subfield><subfield code="d">OCLCO</subfield></datafield><datafield ind1="1" ind2=" " tag="029"><subfield code="a">AU@</subfield><subfield code="b">000013651818</subfield></datafield><datafield ind1=" " ind2=" " tag="042"><subfield code="a">msc</subfield></datafield><datafield ind1=" " ind2=" " tag="043"><subfield code="a">n-us-me</subfield><subfield code="a">n-us-nh</subfield></datafield><datafield ind1="0" ind2="4" tag="245"><subfield code="a">The Sugarloaf &amp; Rangeley Lakes irregular.</subfield></datafield><datafield ind1="1" ind2="4" tag="246"><subfield code="a">Sugarloaf and Rangeley Lakes irregular</subfield></datafield><datafield ind1=" " ind2=" " tag="260"><subfield code="a">[S.l.] :</subfield><subfield code="b">Ed Rogers</subfield></datafield><datafield ind1=" " ind2=" " tag="300"><subfield code="a">v.</subfield></datafield><datafield ind1=" " ind2=" " tag="310"><subfield code="a">Weekly (Dec.-Apr.); Biweekly (May-Nov.)</subfield></datafield><datafield ind1="0" ind2=" " tag="362"><subfield code="a">Vol. 10, no. 24 &amp; 25 (June 30, 1977)-May 20, 1981.</subfield></datafield><datafield ind1=" " ind2=" " tag="500"><subfield code="a">Sugarloaf is a mountain and ski area in Carrabassett Valley, Maine.</subfield></datafield><datafield ind1=" " ind2="0" tag="651"><subfield code="a">Carrabassett Valley (Me.)</subfield><subfield code="v">Newspapers.</subfield></datafield><datafield ind1=" " ind2="0" tag="651"><subfield code="a">Rangeley Lakes (Me. and N.H.)</subfield><subfield code="v">Newspapers.</subfield></datafield><datafield ind1="0" ind2="0" tag="780"><subfield code="t">Sugarloaf irregular (Carrabassett Valley, Me. : 1975)</subfield><subfield code="w">(DLC)sn 97069026</subfield></datafield><datafield ind1="0" ind2="0" tag="785"><subfield code="t">Irregular (1981)</subfield><subfield code="w">(DLC)sn 97069028</subfield></datafield></record>